% This file was created with JabRef 2.5.
% Encoding: Cp1252
@book{alexander1977pattern,
  title={{A} {P}attern {L}anguage: {T}owns, {B}uildings, {C}onstruction},
  author={Alexander, Christopher and Ishikawa, Sara and Silverstein, Murray},
  year={1977},
  series={Center for Environmental Structure Series},
  publisher={Oxford University Press},
  address={Oxford}
}

@article{corneli2013roadmaps,
  title={Roadmaps in Peer Learning},
  author={Corneli, Joseph and Danoff, Charles Jeffrey and Terzi, Fabrizio and Pierce, Charlotte and Graves, John and Barondeau, R{\'e}gis},
  journal={MeTis},
  year={2013},
  volume={III},
  number={1},
  url={http://www.metis.progedit.com/anno-iii-numero-1-giugno-2013-formare-tra-scienza-tecnica-tecnologia-temi/99-saggi/490-roadmaps-in-peer-learning.html}
}

@article{coases-penguin,
	author = {Benkler, Y.},
	title = {{C}oase's {P}enguin, or {L}inux and the {N}ature of the {F}irm},
	journal = {Yale Law Journal},
	volume = {112},
	pages = {369},
	year = {2002}
}

@article{alexander1999origins,
  title={The origins of pattern theory: The future of the theory, and the generation of a living world},
  author={Alexander, Christopher},
  journal={Software, IEEE},
  volume={16},
  number={5},
  pages={71--82},
  year={1999},
  publisher={IEEE}
}

@book{schuler2008liberating,
  title={Liberating voices: A pattern language for communication revolution},
  author={Schuler, Douglas},
  year={2008},
  publisher={MIT Press},
  address={Cambridge, MA}
}

@book{bergin2012pedagogical,
  title={Pedagogical patterns: Advice for educators},
  author={Bergin, Joseph and Eckstein, Jutta and Volter, Markus and Sipos, Marianna and Wallingford, Eugene and Marquardt, Klaus and Chandler, Jane and Sharp, Helen and Manns, Mary Lynn},
  year={2012},
  publisher={Joseph Bergin Software Tools},
  address={New York}
}

@phdthesis{corneli-thesis,
 title = {Peer produced peer learning: {A} mathematics case study},
 school = {The Open University},
 author = {Corneli, Joseph},
 year = {2014},
 url={http://oro.open.ac.uk/40775/},
}

@phdthesis{mako-thesis,
 title = {Essays on {V}olunteer {M}obilization in {P}eer {P}roduction},
 school = {Massachusetts Institute of Technology},
 author = {Hill, Benjamin Mako},
 year = {2013},
 url={http://dspace.mit.edu/handle/1721.1/86240},
}

@book{peeragogy-handbook,
 title={The {P}eeragogy {H}andbook},
 author={H. Rheingold and others},
 year={2015},
 edition={3\textsuperscript{rd}},
 address={Chicago, IL./Somerville, MA.},
 publisher={PubDomEd/Pierce Press},
 url={http://peeragogy.org},
}

@misc{howard-rheingold-lecture,
  title={Social Media and Peer Learning: From Mediated Pedagogy to Peeragogy},
  author={Howard Rheingold},
  day={23},
  month={January},
  year={2012},
  note={UCâ€™s Regents Lecture, January 23, 2012.  Video retrieved from \url{http://bcnm.berkeley.edu/index.php/regents-lecture-howard-rheingold-social-media-and-peer-learning-from-mediated-pedagogy-to-peeragogy-jan-23/}}}

@book{alexander1964notes,
  title={Notes on the {S}ynthesis of {F}orm},
  author={Alexander, Christopher},
  year={1964},
  publisher={Harvard University Press},
  address={Cambridge, MA}
}

@inproceedings{building-peeragogy-accelerator,
  title={Building the {P}eeragogy {A}ccelerator},
  author={Corneli, Joseph and Marciniak, Dorota and Danoff, Charles Jeffrey and Pierce, Charlotte and Ricaurte, Paola and Herder, Jan and Burroughs, Suz and Brett, George and Graves, John},
  booktitle={Proceedings of {O}{E}{R}14: building communities of open practice},
  editor={Quentin-Baxter, Megan},
  year={2014},
  url={http://metameso.org/~joe/docs/Building_the_Peeragogy_Accelerator.pdf}
}

@book{deleuze2006nietzsche,
  title={Nietzsche and philosophy},
  author={Deleuze, Gilles},
  year={2006},
  publisher={Columbia University Press},
  address={New York}
}

@book{hughes2009deleuze,
  title={Deleuze's {``}Difference and Repetition{''}: A reader's guide},
  author={Hughes, Joe},
  year={2009},
  publisher={Continuum},
  address={London}
}

@inproceedings{kohls2010structure,
  title={The structure of patterns},
  author={Kohls, Christian},
  booktitle={{P}roceedings of the 17th {C}onference on {P}attern {L}anguages of {P}rograms},
  pages={12},
  year={2010},
  organization={ACM}
}

%  address={New York},
%  publisher={Association for Computing Machinery}

@inproceedings{kohls2011structure,
  title={The structure of patterns: part {II}--qualities},
  author={Kohls, Christian},
  booktitle={{P}roceedings of the 18th {C}onference on {P}attern {L}anguages of {P}rograms},
  pages={27},
  year={2011},
  organization={ACM}
}

%  address={New York},
%  publisher={Association for Computing Machinery}

@book{deleuze1994difference,
  title={Difference and repetition},
  author={Deleuze, Gilles},
  year={2004},
  address={London},
  publisher={Bloomsbury Academic}
}

@incollection{benkler2015peer-alt,
  title={Peer production: a modality of collective intelligence},
  author={Benkler, Yochai and Shaw, Aaron and Hill, Benjamin Mako},
  editor={Bauer, J. M. and Latzer, M.},
  booktitle={{H}andbook on the {E}conomics of the {I}nternet},
  place={Cheltenham, UK and Northampton, MA},
  publisher={Edward Elgar Publishing Limited},
  year={2015},
  note={To appear.}
}

@incollection{benkler2015peer,
  title={Peer production: a modality of collective intelligence},
  author={Benkler, Yochai and Shaw, Aaron and Hill, Benjamin Mako},
  editor={Malone, Thomas W. and Bernstein, Michael S.},
  booktitle={{H}andbook of {C}ollective {I}ntelligence},
  place={Cambridge, MA},
  publisher={MIT Press},
  year={2015},
}

@article{meszaros1998pattern,
	Author = {Meszaros, Gerard and Doble, Jim},
	Journal = {Pattern languages of program design},
	Pages = {529--574},
	Title = {A pattern language for pattern writing},
	Volume = {3},
	Year = {1998}}

@book{raymond2001cathedral,
  title={The {C}athedral \& the {B}azaar: {M}usings on {L}inux and open source by an accidental revolutionary},
  author={Raymond, Eric S},
  year={2001},
  publisher={O{'}Reilly Media, Inc.}
}

@book{anderson2009free,
  title={Free: The future of a radical price},
  author={Anderson, Chris},
  year={2009},
  publisher={Random House}
}

@article{torvalds-interview,
author={Torvalds, Linus and Vaughan-Nichols, Steven},
year={2011},
title={Linus {T}orvalds's {L}essons on {S}oftware {D}evelopment {M}anagement},
journal={Input Output},
note={{H}ewlett {P}ackard},
url={http://web.archive.org/web/20131021211847/http://h30565.www3.hp.com/t5/Feature-Articles/Linus-Torvalds-s-Lessons-on-Software-Development-Management/ba-p/440}}

@incollection{minsky1967programming,
  title={Why programming is a good medium for expressing poorly understood and sloppily formulated ideas},
  author={Minsky, Marvin},
  booktitle={{D}esign and {P}lanning {II}-{C}omputers in {D}esign and {C}ommunication},
  series={Visual Committee Books},
  editors={Krampen, Martin and Seitz, Peter},
  pages={120--125},
  year={1967}
}

@incollection{poetry-workshop,
  title={{C}omputational {P}oetry {W}orkshop: {M}aking {S}ense of {W}ork in {P}rogress},
  author={J. Corneli and A. Jordanous and R. Shepperd and M. T. Llano and J. Misztal and S. Colton and C. Guckelsberger},
  booktitle={Proceedings of the Sixth International Conference on Computational Creativity, ICCC 2015},
  editor={Simon Colton and Hannu Toivonen and Michael Cook and Dan Ventura},
  year={2015}
}

@article{ostrom2010revising,
  title={Revising theory in light of experimental findings},
  author={Ostrom, Elinor},
  journal={Journal of Economic Behavior \& Organization},
  volume={73},
  number={1},
  pages={68--72},
  year={2010},
  publisher={Elsevier}
}

@book{david2001software,
  title={Software architecture: Organizational Principles and Patterns},
  author={Dikel, David M. and Kane, David and Wilson, James R.},
  year={2001},
  publisher={Pearson Education}
}

@book{gabriel2002writer,
  title={{W}riter's {W}orkshops and the {W}ork of {M}aking {T}hings: {P}atterns, {P}oetry...},
  author={Gabriel, Richard P},
  year={2002},
  publisher={Addison-Wesley Longman Publishing Co., Inc.}
}

@book{catmull2014creativity,
  title={Creativity, {I}nc: {O}vercoming the unseen forces that stand in the way of true inspiration},
  author={Catmull, Ed and Wallace, Amy},
  year={2014},
  publisher={Random House}
}

@article{boud2005peer,
  title={`{P}eer learning' as pedagogic discourse for research education},
  author={Boud, D. and Lee, A.},
  journal={Studies in Higher Education},
  volume={30},
  number={5},
  pages={501--516},
  year={2005},
  publisher={Taylor \& Francis}
}

@misc{free-software-better,
title={When {F}ree {S}oftware {I}sn't ({P}ractically) {B}etter},
author={Hill, Benjamin Mako},
url={http://www.gnu.org/philosophy/when_free_software_isnt_practically_better.html},
note={Published on gnu.org.  Licensed via CC-By-SA},
year={2011},
}

@inproceedings{schummer2014beyond,
  title={Beyond rational design patterns},
  author={Sch{\"u}mmer, Till and Haake, Joerg M and Stark, Wolfgang},
  booktitle={Proceedings of the 19th European Conference on Pattern Languages of Programs},
  pages={13 pp.},
  year={2014},
  organization={ACM}
}

@misc{who-writes-wikipedia,
title={Who {W}rites {W}ikipedia?},
author={Swartz, Aaron},
url={http://www.aaronsw.com/weblog/whowriteswikipedia},
note={Published on aaronsw.com.},
year={2006},
}

@misc{almost-wikipedia,
  title={{A}lmost {W}ikipedia: {W}hat {E}ight {C}ollaborative {E}ncyclopedia {P}rojects {R}eveal {A}bout {M}echanisms of {C}ollective {A}ction},
  author={Benjamin Mako Hill},
  year={2011},
  note={Lecture given Tuesday, October 11, 2011, 12:30 pm, Berkman Center, Harvard University},
}

@article{schmidt+commons-based+2009,
	title = {{Commons-Based} {P}eer {P}roduction and education},
	url = {http://cyber.law.harvard.edu/fcrw/sites/fcrw/images/Schmidt_Education_FreeCulture_25Oct2009.pdf},
	journal = {Free Culture Research Workshop, Harvard University},
	author = {Schmidt, J. P.},
	year = {2009},
        pages={1--3},
}

@book{curti1949university,
  title={The {U}niversity of {W}isconsin, a history: 1848-1925},
  author={Curti, Merle Eugene and Carstensen, Vernon Rosco and Cronon, Edmund David and Jenkins, John William},
  year={1949},
  publisher={Univ.~of Wisconsin Press}
}

@book{sloterdijk2013change,
  title={You {M}ust {C}hange {Y}our {L}ife},
  author={Sloterdijk, P.},
  publisher={Polity Press},
  year={2013}
}

@article{garrison2013toward,
  title={Toward the development of a metacognition construct for communities of inquiry},
  author={Garrison, D Randy and Akyol, Zehra},
  journal={The Internet and Higher Education},
  volume={17},
  pages={84--89},
  year={2013},
  publisher={Elsevier}
}

@book{seikkula2006dialogical,
  title={Dialogical meetings in social networks},
  author={Seikkula, Jaakko and Arnkil, Tom Erik},
  year={2006},
  publisher={Karnac Books}
}

@book{rabelais1894gargantua,
  title={Gargantua and Pantagruel},
  author={Rabelais, Fran{\c{c}}ois},
  year={1894},
  publisher={Moray Press}
}

@article{holloway2007analyzing,
  title={Analyzing and visualizing the semantic coverage of {W}ikipedia and its authors},
  author={Holloway, Todd and Bozicevic, Miran and B{\"o}rner, Katy},
  journal={Complexity},
  volume={12},
  number={3},
  pages={30--40},
  year={2007},
  publisher={Wiley Online Library}
}

@book{wikimedia2011plan,
  title={Wikimedia {S}trategic {P}lan: {A} collaborative vision for the movement through 2015},
  author={Kim, Eugene Eric and others},
  year={2011},
  publisher={Wikimedia Foundation}
}

@article{FM4291,
	author = {Joseph Reagle},
	title = {{``}{F}ree as in sexist?{''} {F}ree culture and the gender gap},
	journal = {First Monday},
	volume = {18},
	number = {1},
	year = {2012},
	keywords = {Gender, Free Culture, FLOSS, Linux, Ubuntu, Wikipedia},
	abstract = {Despite the values of freedom and openness, the free culture movementâ€™s gender balance is as skewed (or more so) as that of the computing culture from which it arose. Based on the collection and analysis of discourse on gender and sexism within this movement over a sixâ€“year period, I suggest three possible causes: (a) some geek identities can be narrow and unappealing; (b) open communities are especially susceptible to difficult people; and, (c) the ideas of freedom and openness can be used to dismiss concerns and rationalize the gender gap as a matter of preference and choice.},
	issn = {13960466},
        url = {http://firstmonday.org/ojs/index.php/fm/article/view/4291}
}

@techreport{gender,
   title={{F}ree/{L}ibre and {O}pen {S}ource {S}oftware: {S}urvey and {S}tudy},
   author = {Rishab A. Ghosh and Ruediger Glott and Bernhard Krieger and Gregorio Robles},
   year = {2002},
   institution = {International Institute of Infonomics, University of Maastricht},
   number = {D18}}

@article{graham2014uneven,
  title={Uneven geographies of user-generated information: patterns of increasing informational poverty},
  author={Graham, Mark and Hogan, Bernie and Straumann, Ralph K and Medhat, Ahmed},
  journal={Annals of the Association of American Geographers},
  volume={104},
  number={4},
  pages={746--764},
  year={2014},
  publisher={Taylor \& Francis}
}

@book{rheingold2007smart,
  title={Smart mobs: {T}he next social revolution},
  author={Rheingold, Howard},
  year={2007},
  publisher={Basic books}
}

@incollection{von2003cybernetics,
	Author = {Von Foerster, Heinz},
	Booktitle = {Understanding {U}nderstanding},
	Pages = {283--286},
	Publisher = {Springer},
	Title = {Cybernetics of cybernetics},
	Year = {[1979] 2003}}


@article{coplien1997pattern,
	Author = {Coplien, James O and Woolf, B},
	Journal = {{C++} report},
	Pages = {51--60},
	Publisher = {{SIGS} Publications, Inc.},
	Title = {A pattern language for writers' workshops},
	Volume = {9},
	Year = {1997}}

@article{harrison1999language,
  title={The {L}anguage of {S}hepherding},
  author={Harrison, Neil B},
  journal={Pattern {L}anguages of {P}rogram {D}esign},
  volume={5},
  pages={507--530},
  year={1999}
}

@book{dweck2006mindset,
  title={Mindset: {T}he new psychology of success},
  author={Dweck, Carol},
  year={2006},
  publisher={Random House}
}

@book{ranciere1991ignorant,
  title={The ignorant schoolmaster: Five lessons in intellectual emancipation},
  author={Ranci{\`e}re, Jacques},
  year={[1987] 1991},
  publisher={Stanford University Press}
}

@inproceedings{marashi2013impact,
  title={Impact of {W}ikipedia on citation trends},
  author={Marashi, Sayed-Amir and Hosseini-Nami, Seyed Mohammad Amin and Alishah, Khadijeh and Hadi, Mahdieh and Karimi, Ali and Hosseinian, Saeedeh and Ramezanifard, Rouhallah and Mirhassani, Reihaneh Sadat and Hosseini, Zhaleh and Shojaie, Zahra},
  booktitle={{EXCLI} Journal},
  year={2013},
  organization={Citeseer}
}

@book{taleb2012antifragile,
  title={Antifragile: Things that gain from disorder},
  author={Taleb, Nassim Nicholas},
  year={2012},
  publisher={Random House Incorporated}
}
@incollection{corneli+crowdsourcing,
title={{C}rowdsourcing {E}ducation: {A} {R}ole-{B}ased {A}nalysis},
author={J. Corneli and A. Mikroyannidis},
booktitle={{C}ollaborative {L}earning 2.0: {O}pen {E}ducational {R}esources},
editor={Alexandra Okada and Teresa Connolly and Peter Scott},
year={2011},
publisher={IGI Global},
url={http://oro.open.ac.uk/33221/1/corneli_chap_okada_book.pdf},
}

@article{atiyah1974research,
  title={How research is carried out},
  author={Atiyah, MF},
  journal={Bull. IMA},
  volume={10},
  pages={232--4},
  year={1974}
}
@article{coase1937nature,
  title={The nature of the firm},
  author={Coase, Ronald H},
  journal={Economica},
  volume={4},
  number={16},
  pages={386--405},
  year={1937}
}
@inproceedings{reinhold2006wikitrails,
  title={{W}iki{T}rails: {A}ugmenting wiki structure for collaborative, interdisciplinary learning},
  author={Reinhold, Silvan},
  booktitle={Proceedings of the 2006 {I}nternational {S}ymposium on {W}ikis},
  pages={47--58},
  year={2006},
  organization={ACM}
}
@inproceedings{riche2010ichase,
  title={i{C}hase: {S}upporting exploration and awareness of editing activities on {W}ikipedia},
  author={Riche, Nathalie Henry and Lee, Bongshin and Chevalier, Fanny},
  booktitle={Proceedings of the {I}nternational {C}onference on {A}dvanced {V}isual {I}nterfaces},
  pages={59--66},
  year={2010},
  organization={ACM}
}



@incollection{corneli2013inaction,
title={{P}eeragogy in {A}ction},
author={Corneli, J and Keune, A and Lyons, A and Danoff, CJ},
booktitle={{T}he {O}pen {B}ook},
editor={Braybrooke, Kaitlyn and Nissil\"a, Jussi  and Timo Vuorikivi},
series={\#3 in the Reaktio Series},
publisher={The Finnish Institute, London},
pages={80--87},
year={2013},
isbn={978-0-9570776-3-8},
}
@article{corneli2012paragogical,
title={{P}aragogical praxis},
author={Corneli, J.},
journal={E-Learning and Digital Media},
volume={9},
number={3},
pages={267--272},
year={2012},
url={http://paragogy.net/ParagogicalPraxisPaper},
}
@inproceedings{paragogy-okcon,
title={{Paragogy}},
author={J. Corneli and Danoff, C.J.},
booktitle={{Proceedings of the 6th Open Knowledge Conference}},
address={Berlin, Germany},
url={http://ceur-ws.org/Vol-739/paper+5.pdf},
year={2011},
editor={Sebastian Hellmann and Philipp Frischmuth and S\"oren Auer and Daniel Dietrich},
keywords={paragogy, learning, peer learning, P2P}
}
@book{harlan1989booker,
  title={The Booker T. Washington Papers},
  author={Washington, Booker T and Harlan, Louis R},
  year={1989},
  publisher={University of Illinois Press},
  volume={3}
}
@book{washington1986up,
  title={Up from slavery},
  author={Washington, Booker T},
  year={[1901] 1986},
  publisher={Penguin}
}
@article{lewin1946action,
  title={Action research and minority problems},
  author={Lewin, Kurt},
  journal={Journal of Social Issues},
  volume={2},
  number={4},
  pages={34--46},
  year={1946}
}

@misc{action-research-OU,
title={Action Research: A Guide for Associate Lecturers},
author={Maggie Coats},
url={http://www.open.ac.uk/cobe/docs/AR-Guide-final.pdf},
note={{C}entre for {O}utcomes-{B}ased {E}ducation, {T}he {O}pen {U}niversity},
year={2005},
}

@article{trist1951some,
  title={Some social and psychological consequences of the {L}ongwall method of coal-getting},
  author={Trist, EL and Bamforth, KW},
  journal={Human relations},
  volume={4},
  number={3},
  pages={3--38},
  year={1951}
}

@book{coghlan2014doing,
  title={Doing action research in your own organization},
  author={Coghlan, David and Brannick, Teresa},
  year={2014},
  publisher={Sage}
}

@article{bergold2012participatory,
  title={Participatory research methods: A methodological approach in motion},
  author={Bergold, Jarg and Thomas, Stefan},
  journal={Forum Qualitative Sozialforschung / Forum: Qualitative Social Research},
  volume = {13},
  number = {1},
  year = {2012},
  pages={191--222},
  url={http://www.qualitative-research.net/index.php/fqs/article/view/1801/3334},
  publisher={JSTOR}
}
@book{wagner2008new,
  title={The new invisible college: {S}cience for development},
  author={Wagner, C.S.},
  year={2008},
  publisher={Brookings Inst Press}
}

@incollection{gilbert2012being,
  author={Gilbert Simondon},
  title={Technical mentality},
  booktitle={Gilbert Simondon: being and technology},
  editor={De Boever, Arne and Murray, Alex and Roffe, Jon and Woodward, Ashley},
  year={2012},
  publisher={Oxford University Press},
  pages={1--15}
}

@inproceedings{panciera2009wikipedians,
  title={Wikipedians are born, not made: a study of power editors on {W}ikipedia},
  author={Panciera, Katherine and Halfaker, Aaron and Terveen, Loren},
  booktitle={Proceedings of the ACM 2009 international conference on Supporting group work},
  pages={51--60},
  year={2009},
  organization={ACM}
}

@inproceedings{bryant2005becoming,
  title={Becoming {W}ikipedian: transformation of participation in a collaborative online encyclopedia},
  author={Bryant, Susan L and Forte, Andrea and Bruckman, Amy},
  booktitle={Proceedings of the 2005 international ACM SIGGROUP conference on Supporting group work},
  pages={1--10},
  year={2005},
  organization={ACM}
}

@incollection{freire1982creating,
  title={Creating alternative research methods: {L}earning to do it by doing it},
  author={Freire, Paulo},
  booktitle={Creating knowledge: A Monopoly},
  editor={Hall, B. and Gillette, A. and Tandon, R.},
  pages={29--37},
  year={1982},
  publisher={Society for Participatory Research in Asia},
  place={New Dehli}
}

@book{deleuze1991bergsonism,
  title={Bergsonism},
  author={Deleuze, Gilles},
  note={trans. Hugh Tomlinson and Barbara Habberjam},
  place={New York},
  publisher={Zone},
  year={[1966] 1988}
}

@article{simonite2013decline,
  title={The {D}ecline of {W}ikipedia},
  author={Simonite, Tom},
  journal={Technology Review},
  volume={116},
  number={6},
  pages={50--56},
  year={2013},
}

@article{halfaker13rise,
 author={Aaron Halfaker and R. Stuart Geiger and Jonathan Morgan and John Riedl},
 title={The {R}ise and {D}ecline of an {O}pen {C}ollaboration {S}ystem: {H}ow {W}ikipedia's reaction to sudden popularity is causing its decline},
 year={2013},
 month={May},
 volume={57},
 number={5},
 pages={664--688},
 journal={American Behavioral Scientist},
 doi={10.1177/0002764212469365},
 url={http://dx.doi.org/10.1177/0002764212469365} }

@article{kreiss2011limits,
  title={The limits of peer production: Some reminders from {M}ax {W}eber for the network society},
  author={Kreiss, Daniel and Finn, Megan and Turner, Fred},
  journal={New Media \& Society},
  volume={13},
  number={2},
  pages={243--259},
  year={2011},
  publisher={SAGE Publications}
}

@article{shawlaboratories,
  title={Laboratories of {O}ligarchy?: {H}ow the iron law extends to peer production},
  author={Shaw, Aaron and Hill, Benjamin Mako},
  journal={Journal of Communication},
  volume={64},
  number={2},
  pages={215--238},
  year={2014},
}

@inproceedings{morellintroductory,
  title={An introductory historical contextualization of online creation communities for the building of digital commons: {T}he emergence of a free culture movement},
  author={Morell, Mayo Fuster},
  booktitle = {{P}roceedings of the 6th {O}pen {K}nowledge {C}onference},
  address = {Berlin, Germany},
  url = {http://ceur-ws.org/Vol-739/paper_7.pdf},
  year = {2011},
}


@misc{design-review,
title={{D}esign {R}eview: {P}rinciples and {P}ractice},
author={John Mathers and Sue Illman and Angela Brady and Peter Geraghty},
url={http://www.rtpi.org.uk/media/11214/dc_cabe_design_review_13_w__1_.pdf},
note={{D}esign {C}ouncil},
year={2013},
}

@misc{afteraction,
	title = {A {L}eader's {G}uide to {A}fter-{A}ction {R}eviews ({TC} 25-20)},
	url = {http://www.au.af.mil/au/awc/awcgate/army/tc_25-20/tc25-20.pdf},
	publisher = {{US Army}},
	author = {{US Army}},
	year = {1993},
}

@book{iba2014learning,
  title={Learning {P}atterns: {A} {P}attern {L}anguage for {C}reative {L}earning},
  author={Iba, Takashi and {\relax with} {Iba Laboratory}},
  year={2014},
  publisher={CreativeShift Lab},
  address={Yokohama},
  edition={3.0}
}

@book{jakobson1971selected,
  title={Selected writings: {W}ord and language},
  author={Jakobson, Roman},
  year={1971},
  volume={2},
  publisher={Mouton de Gruyter}
}

@inproceedings{ariyaratneXorganizationX1977,
	title = {Organization of rural communities for group effort and self-help},
	url = {http://www.sarvodaya.org/about/philosophy/collected-works-vol-1/rural-self-help},
	booktitle = {{F}ood {C}risis {W}orkshop, {L}os {B}anos, {L}aguna {({P}hilippines)}, 7-9 {F}eb 1977},
	author = {Ariyaratne, A.T.},
	year = {1977},
	pages = {23--24},
}

@book{mcniff2013action,
  title={Action research: Principles and practice},
  author={McNiff, Jean},
  year={2013},
  publisher={Routledge},
  edition={3rd}
}

@book{wallas1926art,
  title={The art of thought},
  author={Wallas, Graham},
  year={1926},
  publisher={Jonathan Cape},
  place={London}
}

@incollection{engestrom199923,
  title={Innovative learning in work teams: {A}nalyzing cycles of knowledge creation in practice},
  author={Engestr\"om, Y.},
  booktitle={Perspectives on activity theory},
  editor={Engestr\"om,Yrj\"o and Miettinen, Reijo and Punam\"aki, Raija-Leena},
  pages={377--406},
  year={1999},
  publisher={Cambridge University Press}
}

@article{plast-project,
  title={The {PLAST} {P}roject: {P}attern {L}anguages for {S}ystemic {T}ransformation},
  author={{PLAST Collective}},
  journal={Spanda Journal},
  volume={VI},
  number={1},
  pages={205--218},
  year={2015},
}

@inproceedings{reiners2012approach,
  title={An approach to evolutionary design pattern engineering},
  author={Reiners, Ren{\'e} and Halvorsrud, Ragnhild and Eide, Aslak Wegner and Pohl, Daniela},
  booktitle={Proceedings of the 19th {C}onference on {P}attern {L}anguages of {P}rograms},
  editor={Guerra, Eduardo},
  year={2012}
}